@BOOK{Vasylenko92,
  author     = "Гостев, В. И.",
  title      = "Нечеткие регуляторы в системах автоматического управления",
  address    = "К.",
  publisher  = "Радиоаматор",
  year       = 2008,
  pagetotal  = 972,
  isbn       = "978-966-96178-2-0",
  language   = "russian"
}

@BOOK{Afanasyev92,
  author     = "Афанасьев, В. В. and Василевский, О. Н.",
  title      = "Расчеты электрических цепей на программируемых микрокалькуляторах",
  address    = "М.",
  publisher  = "Энергоиздат",
  year       = 1992,
  pagetotal  = 190,
  language   = "russian"
}

@BOOK{Makilov91,
  author     = "Меликов, А. З. and Пономаренко, Л. А. and Рюмшин, П. А.",
  title      = "Математические модели многопотоковых систем обслуживания",
  address    = "К.",
  publisher  = "Технiка",
  year       = 1991,
  pagetotal  = 265,
  language   = "russian"
}

@BOOK{Ponomarenko86,
  title      = "Основы создания гибких атоматизированных производств",
  author     = "Л. А. Пономаренко and Л. В. Адамович and В. Т. Музычук and А. Е. Гридасов",
  editor     = "Б. Б. Тимофеева",
  address    = "К.",
  publisher  = "Технiка",
  year       = 1986,
  pagetotal  = 144,
  language   = "russian"
}

@BOOK{Belousova81,
  title      = "Системный анализ инфраструктуры как элемент народного хозяйства",
  author     = "Белоусова, Н. И. and Вишняк, Е. И. and Левит, В. Ю. and others",
  address    = "М.",
  publisher  = "Экономика",
  year       = 1981,
  pagetotal  = 62,
  language   = "russian"
}

@article{Tezisy,
    author =       "Овчинников, К. В. and Шевчук, Ю. А.",
    title =        "Система автоматизованого управління твердопаливним котлом малої потужності",
    journal =      "ІІІ Міжнародна науково-технічна конференція «Вимірювання, контроль та діагностика в технічних системах» (ВКДТС-2015)",
    pages =        "139",
    year =         "Вінниця, 2015",
   language = "ukrainian"
}

@article{Statia,
    author =       "Шабатура, Ю. В. and  Чорний, М. В. and Овчинников, К. В.",
    title =        "Інформаційно-вимірювальна система для визначення товщини діелектричного покриття на металевій поверхні",
    journal =      "Системи управління, навігаціїї та зв`язку",
    number =       "2",
    pages =        "101--106",
    year =         "Київ, 2009",
   language = "ukrainian"
}

@BOOK{GOST7184,
  title      = "ДСТУ ГОСТ 7.1:2006. Система стандартів з інформації, бібліотечної та видавничої справи. Бібліографічний запис. Бібліографічний опис. Загальні вимоги та правила складання / Нац. стандарт України. – Вид. офіц. – [Чинний від 2007-07-01]",
  address    = "Київ",
  publisher  = "Держспоживстандарт України",
  year       = "2007",
  pagetotal  = "47",
  language   = "ukrainian"
}

@online{WinNT,
  author     = {Аверина, Полина},
  title      = {5 вещей, о которых должен знать любой разработчик {Apache Kafka}},
  year       = {2021},
  url        = {https://habr.com/ru/company/southbridge/blog/547264/},
  urldate    = {16.03.2021},
  language   = {ukrainian}
}